@article{tukey1962future,
  title={The future of data analysis},
  author={Tukey, John W},
  journal={The annals of mathematical statistics},
  volume={33},
  number={1},
  pages={1--67},
  year={1962},
  publisher={JSTOR}
}

@article{donoho201750years,
  title={50 years of data science},
  author={Donoho, David},
  journal={Journal of Computational and Graphical Statistics},
  volume={26},
  number={4},
  pages={745--766},
  year={2017},
  publisher={Taylor \& Francis}
}

@article{zhang2021data,
  title={What is Data Science? An Operational Definition based on Text Mining of Data Science Curricula},
  author={Zhang, Zhiyong and Zhang, Danyang},
  journal={Journal of Behavioral Data Science},
  volume={1},
  number={1},
  pages={1--16},
  year={2021}
}

@misc{davenport2012sexiest,
  title = {Data Scientist: The Sexiest Job of the 21st Century},
  url = {https://hbr.org/2012/10/data-scientist-the-sexiest-job-of-the-21st-century},
  urldate = {2021-12-05},
  journal = {Harvard Business Review},
  author = {Davenport, Thomas and Patil, D. J.},
  month = oct,
  year = {2012},
}

@book{huber2012data,
  title={Data analysis: What can be learned from the past 50 years},
  author={Huber, Peter J},
  volume={874},
  year={2012},
  publisher={John Wiley \& Sons}
}

@article{chambers1993greater,
  title={Greater or lesser statistics: a choice for future research},
  author={Chambers, John M},
  journal={Statistics and Computing},
  volume={3},
  number={4},
  pages={182--184},
  year={1993}
}

@article{cleveland2001data,
  title={Data science: an action plan for expanding the technical areas of the field of statistics},
  author={Cleveland, William S},
  journal={International statistical review},
  volume={69},
  number={1},
  pages={21--26},
  year={2001},
  publisher={Wiley Online Library}
}

@misc{ASA2015statement,
  title = {ASA   statement   on   the role   of   statistics   in   data   science},
  url = {https://magazine.amstat.org/blog/2015/10/01/asa-statement-on-the-role-of-statistics-in-data-science/},
  urldate = {2021-12-05},
  journal = {AMSTAT   News},
  author = {van Dyk, David and Fuentes, Montse and Jordan, Michael I. and Newton, Michael and Ray, Bonny K. and Lang, Duncan Temple and Wickham, Hadley},
  month = oct,
  year = {2015},
}

@article{wolpert1997nofreelunch,
  title={No free lunch theorems for optimization},
  author={Wolpert, David H and Macready, William G},
  journal={IEEE transactions on evolutionary computation},
  volume={1},
  number={1},
  pages={67--82},
  year={1997},
  publisher={IEEE}
}

@article{wang2010cloud,
  title={Cloud computing: a perspective study},
  author={Wang, Lizhe and Von Laszewski, Gregor and Younge, Andrew and He, Xi and Kunze, Marcel and Tao, Jie and Fu, Cheng},
  journal={New generation computing},
  volume={28},
  number={2},
  pages={137--146},
  year={2010},
  publisher={Springer}
}

@book{kshemkalyani2011distributed,
  title={Distributed computing: principles, algorithms, and systems},
  author={Kshemkalyani, Ajay D and Singhal, Mukesh},
  year={2011},
  publisher={Cambridge University Press}
}

@book{naur1974concise,
  title={Concise survey of computer methods},
  author={Naur, Peter},
  year={1974},
  publisher={Petrocelli Books}
}

@article{cao2017data,
  title={Data science: a comprehensive overview},
  author={Cao, Longbing},
  journal={ACM Computing Surveys (CSUR)},
  volume={50},
  number={3},
  pages={1--42},
  year={2017},
  publisher={ACM New York, NY, USA}
}

@misc{wu1997statistic,
  title = {Statistics = Data Science?},
  url = {www2.isye.gatech.edu/~jeffwu/presentations/datascience.pdf},
  urldate = {2022-01-29},
  note = "Slides from inauguration as Carver Professor of Statistics at University of Michigan",
  author = {Wu, C. F. Jeff},
  month = {},
  year = {1997},
  publisher={Georgia Tech}
}

@article{breiman2001statistical,
  title={Statistical modeling: The two cultures (with comments and a rejoinder by the author)},
  author={Breiman, Leo},
  journal={Statistical science},
  volume={16},
  number={3},
  pages={199--231},
  year={2001},
  publisher={Institute of Mathematical Statistics}
}

@misc{silver2013need,
  title = {What I need from statisticians},
  url = {https://www.statisticsviews.com/article/nate-silver-what-i-need-from-statisticians/},
  urldate = {2022-01-29},
  author = {Silver, Nate},
  month = {},
  year = {2013},
  publisher={Stats \& Data Science View}
}

@misc{priceonomics2015,
  title = {What’s the Difference Between Data Science and Statistics?},
  url = {https://priceonomics.com/whats-the-difference-between-data-science-and/},
  urldate = {2022-01-29},
  author = {Priceonomics},
  month = {oct},
  year = {2015},
  publisher={Priceonomics}
}

@article{dhar2013datascience,
author = {Dhar, Vasant},
title = {Data Science and Prediction},
year = {2013},
issue_date = {December 2013},
publisher = {Association for Computing Machinery},
address = {New York, NY, USA},
volume = {56},
number = {12},
issn = {0001-0782},
url = {https://doi.org/10.1145/2500499},
doi = {10.1145/2500499},
abstract = {Big data promises automated actionable knowledge creation and predictive models for use by both humans and computers.},
journal = {Commun. ACM},
month = {dec},
pages = {64–73},
numpages = {10}
}

@article{gelman2013statistics,
  title={Statistics is the least important part of data science},
  author={Gelman, Andrew},
  journal={Blog post on Statistical Modeling, Causal Inference, and Social Science},
  volume={14},
  year={2013}
}

@book{friedman2009elements,
  title={The elements of statistical learning},
  author={Friedman, Jerome and Hastie, Trevor and Tibshirani, Robert and others},
  volume={1},
  number={10},
  year={2009},
  note = "Second Edition",
  publisher={Springer series in statistics New York}
}
