% Related works

%% HEP-related
@ARTICLE{clusterlog2021,
       author = {{Grigorieva}, Maria and {Grin}, Dmitry},
title = "{Clustering error messages produced by distributed computing infrastructure during the processing of high energy physics data}",
      journal = {International Journal of Modern Physics A},
     keywords = {Clustering, error messages, ATLAS, distributed computing, word embedding, word2vec, machine learning, 07.05.Kf, Data analysis: algorithms and implementation, data management},
 year = 2021,
month = apr,
       volume = {36},
       number = {10},
  eid = {2150070-130},
pages = {2150070-130},
  doi = {10.1142/S0217751X21500706},
       adsurl = {https://ui.adsabs.harvard.edu/abs/2021IJMPA..3650070G},
      adsnote = {Provided by the SAO/NASA Astrophysics Data System}
}

@article{paltenghi2021,
	author = {{Giordano, Domenico} and {Paltenghi, Matteo} and {Metaj, Stiven} and {Dvorak, Antonin}},
	title = {Anomaly detection in the CERN cloud infrastructure},
	DOI= "10.1051/epjconf/202125102011",
	url= "https://doi.org/10.1051/epjconf/202125102011",
	journal = {EPJ Web Conf.},
	year = 2021,
	volume = 251,
	pages = "02011",
}

@inproceedings{giommi2019predmaintenance,
  author = "Giommi, Luca  and  Bonacorsi, Daniele  and  Diotalevi, Tommaso  and  Rinaldi, Lorenzo  and  Morganti, Lucia  and  Falabella, Antonio  and  Ronchieri, Elisabetta  and  Ceccanti, Andrea  and  Martelli, Barbara  and  Tisbeni, Simone",
  title = "{Towards Predictive Maintenance with Machine Learning at the INFN-CNAF computing centre}",
  doi = "10.22323/1.351.0003",
  booktitle = "Proceedings of International Symposium on Grids \& Clouds 2019 {\textemdash} PoS(ISGC2019)",
  year = 2019,
  volume = "351",
  pages = "003"
}

@inproceedings{diotalevi2019elk,
  author = "Diotalevi, Tommaso  and  Bonacorsi, Daniele  and  Falabella, Antonio  and  Giommi, Luca  and  Martelli, Barbara  and  Michelotto, Diego  and  Morganti, Lucia  and  Rossi Tisbeni, Simone",
  title = "{Collection and harmonization of system logs and prototypal Analytics services with the Elastic (ELK) suite at the INFN-CNAF computing centre}",
  doi = "10.22323/1.351.0027",
  booktitle = "Proceedings of International Symposium on Grids \& Clouds 2019 {\textemdash} PoS(ISGC2019)",
  year = 2019,
  volume = "351",
  pages = "027"
}

@INPROCEEDINGS{decker2020fuzzy,
  author={Decker, Leticia and Leite, Daniel and Giommi, Luca and Bonacorsi, Daniele},
  booktitle={2020 IEEE International Conference on Fuzzy Systems (FUZZ-IEEE)}, 
  title={Real-Time Anomaly Detection in Data Centers for Log-based Predictive Maintenance using an Evolving Fuzzy-Rule-Based Approach}, 
  year={2020},
  volume={},
  number={},
  pages={1-8},
  doi={10.1109/FUZZ48607.2020.9177762}}


@INPROCEEDINGS{decker2020powerquality,
    author={Leite, Daniel and Decker, Leticia and Santana, Marcio and Souza, Paulo},
    booktitle={2020 IEEE International Conference on Fuzzy Systems (FUZZ-IEEE)},
    title={EGFC: Evolving Gaussian Fuzzy Classifier from Never-Ending Semi-Supervised Data Streams â€“ With Application to Power Quality Disturbance Detection and Classification},
    year={2020},
    volume={},
    number={},
    pages={1-9},
    doi={10.1109/FUZZ48607.2020.9177847}
}


@phdthesis{tisbeni2019,
  author = {Simone Rossi Tisbeni},
   title = {Big data analytics towards predictive maintenance at the INFN-CNAF computing centre},
keywords = {LHC,CMS,Worldwide LHC Compunting Grid,Machine Learning,Big Data Analytics,Predictive Maintenance,CNAF},
     url = {http://amslaurea.unibo.it/18430/},
abstract = {La Fisica delle Alte Energie (HEP) {\`e} da lungo tra i precursori nel gestire e processare enormi dataset scientifici e nell'operare alcuni tra i pi{\`u} grandi data centre per applicazioni scientifiche.
HEP ha sviluppato una griglia computazionale (Grid) per il calcolo al Large Hadron Collider (LHC) del CERN di Ginevra, che attualmente coordina giornalmente le operazioni di calcolo su oltre 800k processori in 170 centri di calcolo e gestendo mezzo Exabyte di dati su disco distribuito in 5 continenti.

Nelle prossime fasi di LHC, soprattutto in vista di Run-4, il quantitativo di dati gestiti dai centri di calcolo aumenter{\`a} notevolmente.
In questo contesto, la HEP Software Foundation ha redatto un Community White Paper (CWP) che indica il percorso da seguire nell'evoluzione del software moderno e dei modelli di calcolo in preparazione alla fase cosiddetta di High Luminosity di LHC. Questo lavoro ha individuato in tecniche di Big Data Analytics un enorme potenziale per affrontare le sfide future di HEP.

Uno degli sviluppi riguarda la cosiddetta Operation Intelligence, ovvero la ricerca di un aumento nel livello di automazione all'interno dei workflow. Questo genere di approcci potrebbe portare al passaggio da un sistema di manutenzione reattiva ad uno, pi{\`u} evoluto, di manutenzione predittiva o addirittura prescrittiva.

La tesi presenta il lavoro fatto in collaborazione con il centro di calcolo dell'INFN-CNAF per introdurre un sistema di ingestione, organizzazione e processing dei log del centro su una piattaforma di Big Data Analytics unificata, al fine di prototipizzare un modello di manutenzione predittiva per il centro. Questa tesi contribuisce a tale progetto con lo sviluppo di un algoritmo di clustering dei messaggi di log basato su misure di similarit{\`a} tra campi testuali, per superare il limite connesso alla verbosit{\`a} ed eterogeneit{\`a} dei log raccolti dai vari servizi operativi 24/7 al centro.},
  year={2019}
}

@INPROCEEDINGS{decker2020granular,
  author={Decker, Leticia and Leite, Daniel and Viola, Fabio and Bonacorsi, Daniele},
  booktitle={2020 IEEE Conference on Evolving and Adaptive Intelligent Systems (EAIS)}, 
  title={Comparison of Evolving Granular Classifiers applied to Anomaly Detection for Predictive Maintenance in Computing Centers}, 
  year={2020},
  volume={},
  number={},
  pages={1-8},
  doi={10.1109/EAIS48028.2020.9122779}
}


@inproceedings{minarini2020time,
  title={Time-series Anomaly Detection Applied to Log-based Diagnostic System Using Unsupervised Machine Learning Approach},
  author={Minarini, Francesco and Decker, Leticia},
  booktitle={Conference of Open Innovations Association, FRUCT},
  number={27},
  pages={343--348},
  year={2020},
  organization={FRUCT Oy}
}


@article{opint2020,
	author = {{Di Girolamo, Alessandro} and {Legger, Federica} and {Paparrigopoulos, Panos} and {Klimentov, Alexei} and {Schovancov\'a, Jaroslava} and {Kuznetsov, Valentin} and {Lassnig, Mario} and {Clissa, Luca} and {Rinaldi, Lorenzo} and {Sharma, Mayank} and {Bakhshiansohi, Hamed} and {Zvada, Marian} and {Bonacorsi, Daniele} and {Rossi Tisbeni, Simone} and {Giommi, Luca} and {Decker de Sousa, Leticia} and {Diotalevi, Tommaso} and {Grigorieva, Maria} and {Padolski, Sergey}},
	title = {Operational Intelligence for Distributed Computing Systems for Exascale Science},
	DOI= "10.1051/epjconf/202024503017",
	url= "https://doi.org/10.1051/epjconf/202024503017",
	journal = {EPJ Web Conf.},
	year = 2020,
	volume = 245,
	pages = "03017",
}

@inproceedings{lin2016log,
  title={Log clustering based problem identification for online service systems},
  author={Lin, Qingwei and Zhang, Hongyu and Lou, Jian-Guang and Zhang, Yu and Chen, Xuewei},
  booktitle={2016 IEEE/ACM 38th International Conference on Software Engineering Companion (ICSE-C)},
  pages={102--111},
  year={2016},
  organization={IEEE}
}


@inproceedings{zhu2019tools,
  title={Tools and benchmarks for automated log parsing},
  author={Zhu, Jieming and He, Shilin and Liu, Jinyang and He, Pinjia and Xie, Qi and Zheng, Zibin and Lyu, Michael R},
  booktitle={2019 IEEE/ACM 41st International Conference on Software Engineering: Software Engineering in Practice (ICSE-SEIP)},
  pages={121--130},
  year={2019},
  organization={IEEE}
}


%% QT
@article{sole2017survey,
  title={Survey on models and techniques for root-cause analysis},
  author={Sol{\'e}, Marc and Munt{\'e}s-Mulero, Victor and Rana, Annie Ibrahim and Estrada, Giovani},
  journal={arXiv preprint arXiv:1701.08546},
  year={2017}
}


@INPROCEEDINGS{kmeans,
    author = {D Arthur and S Vassilvitskii},
    title = {K-means++: the advantages of careful seeding},
    booktitle = {In Proceedings of the 18th Annual ACM-SIAM Symposium on Discrete Algorithms},
    year = {2007}
}

@inproceedings{vaarandi2003slct,
  title={A data clustering algorithm for mining patterns from event logs},
  author={Vaarandi, Risto},
  booktitle={Proceedings of the 3rd IEEE Workshop on IP Operations \& Management (IPOM 2003)(IEEE Cat. No. 03EX764)},
  pages={119--126},
  year={2003},
  organization={Ieee}
}

@inproceedings{vaarandi2015logcluster,
  title={Logcluster-a data clustering and pattern mining algorithm for event logs},
  author={Vaarandi, Risto and Pihelgas, Mauno},
  booktitle={2015 11th International conference on network and service management (CNSM)},
  pages={1--7},
  year={2015},
  organization={IEEE}
}

@inproceedings{fu2009lke,
  title={Execution anomaly detection in distributed systems through unstructured log analysis},
  author={Fu, Qiang and Lou, Jian-Guang and Wang, Yi and Li, Jiang},
  booktitle={2009 ninth IEEE international conference on data mining},
  pages={149--158},
  year={2009},
  organization={IEEE}
}

@inproceedings{hamooni2016logmine,
  title={Logmine: Fast pattern recognition for log analytics},
  author={Hamooni, Hossein and Debnath, Biplob and Xu, Jianwu and Zhang, Hui and Jiang, Guofei and Mueen, Abdullah},
  booktitle={Proceedings of the 25th ACM International on Conference on Information and Knowledge Management},
  pages={1573--1582},
  year={2016}
}

@inproceedings{makanju2009iplom,
  title={Clustering event logs using iterative partitioning},
  author={Makanju, Adetokunbo AO and Zincir-Heywood, A Nur and Milios, Evangelos E},
  booktitle={Proceedings of the 15th ACM SIGKDD international conference on Knowledge discovery and data mining},
  pages={1255--1264},
  year={2009}
}

@inproceedings{he2017drain,
  title={Drain: An online log parsing approach with fixed depth tree},
  author={He, Pinjia and Zhu, Jieming and Zheng, Zibin and Lyu, Michael R},
  booktitle={2017 IEEE international conference on web services (ICWS)},
  pages={33--40},
  year={2017},
  organization={IEEE}
}

@inproceedings{du2016spell,
  title={Spell: Streaming parsing of system event logs},
  author={Du, Min and Li, Feifei},
  booktitle={2016 IEEE 16th International Conference on Data Mining (ICDM)},
  pages={859--864},
  year={2016},
  organization={IEEE}
}

@article{mikolov2013word2vec,
  title={Efficient estimation of word representations in vector space},
  author={Mikolov, Tomas and Chen, Kai and Corrado, Greg and Dean, Jeffrey},
  journal={arXiv preprint arXiv:1301.3781},
  year={2013}
}

@article{wold1987pca,
  title={Principal component analysis},
  author={Wold, Svante and Esbensen, Kim and Geladi, Paul},
  journal={Chemometrics and intelligent laboratory systems},
  volume={2},
  number={1-3},
  pages={37--52},
  year={1987},
  publisher={Elsevier}
}

@inproceedings{ester1996dbscan,
  title={A density-based algorithm for discovering clusters in large spatial databases with noise.},
  author={Ester, Martin and Kriegel, Hans-Peter and Sander, J{\"o}rg and Xu, Xiaowei and others},
  booktitle={kdd},
  volume={96},
  number={34},
  pages={226--231},
  year={1996}
}

%% topic modeling
@inproceedings{hofmann1999probabilistic,
  title={Probabilistic latent semantic indexing},
  author={Hofmann, Thomas},
  booktitle={Proceedings of the 22nd annual international ACM SIGIR conference on Research and development in information retrieval},
  pages={50--57},
  year={1999}
}

@article{papadimitriou2000latent,
  title={Latent semantic indexing: A probabilistic analysis},
  author={Papadimitriou, Christos H and Raghavan, Prabhakar and Tamaki, Hisao and Vempala, Santosh},
  journal={Journal of Computer and System Sciences},
  volume={61},
  number={2},
  pages={217--235},
  year={2000},
  publisher={Elsevier}
}


@inproceedings{sennrich2016subword,
    title = "Neural Machine Translation of Rare Words with Subword Units",
    author = "Sennrich, Rico  and
      Haddow, Barry  and
      Birch, Alexandra",
    booktitle = "Proceedings of the 54th Annual Meeting of the Association for Computational Linguistics (Volume 1: Long Papers)",
    month = aug,
    year = "2016",
    address = "Berlin, Germany",
    publisher = "Association for Computational Linguistics",
    url = "https://aclanthology.org/P16-1162",
    doi = "10.18653/v1/P16-1162",
    pages = "1715--1725",
}

@article{gage1994subword,
  title={A new algorithm for data compression},
  author={Gage, Philip},
  journal={C Users Journal},
  volume={12},
  number={2},
  pages={23--38},
  year={1994},
  publisher={McPherson, KS: R \& D Publications, c1987-1994.}
}

@article{dhingra2016char,
  title={Tweet2vec: Character-based distributed representations for social media},
  author={Dhingra, Bhuwan and Zhou, Zhong and Fitzpatrick, Dylan and Muehl, Michael and Cohen, William W},
  journal={arXiv preprint arXiv:1605.03481},
  year={2016}
}

@article{ling2015char,
  title={Finding function in form: Compositional character models for open vocabulary word representation},
  author={Ling, Wang and Lu{\'\i}s, Tiago and Marujo, Lu{\'\i}s and Astudillo, Ram{\'o}n Fernandez and Amir, Silvio and Dyer, Chris and Black, Alan W and Trancoso, Isabel},
  journal={arXiv preprint arXiv:1508.02096},
  year={2015}
}

@article{bengio2003word,
  title={A neural probabilistic language model},
  author={Bengio, Yoshua and Ducharme, R{\'e}jean and Vincent, Pascal and Jauvin, Christian},
  journal={Journal of machine learning research},
  volume={3},
  number={Feb},
  pages={1137--1155},
  year={2003}
}

@article{mccann2017word,
  title={Learned in translation: Contextualized word vectors},
  author={McCann, Bryan and Bradbury, James and Xiong, Caiming and Socher, Richard},
  journal={arXiv preprint arXiv:1708.00107},
  year={2017}
}


@inproceedings{kiros2015sentence,
  title={Skip-thought vectors},
  author={Kiros, Ryan and Zhu, Yukun and Salakhutdinov, Russ R and Zemel, Richard and Urtasun, Raquel and Torralba, Antonio and Fidler, Sanja},
  booktitle={Advances in neural information processing systems},
  pages={3294--3302},
  year={2015}
}

@inproceedings{le2014documents,
  title={Distributed representations of sentences and documents},
  author={Le, Quoc and Mikolov, Tomas},
  booktitle={International conference on machine learning},
  pages={1188--1196},
  year={2014},
  organization={PMLR}
}

@inproceedings{niu2015topic,
  title={Topic2Vec: learning distributed representations of topics},
  author={Niu, Liqiang and Dai, Xinyu and Zhang, Jianbing and Chen, Jiajun},
  booktitle={2015 International conference on asian language processing (IALP)},
  pages={193--196},
  year={2015},
  organization={IEEE}
}

@article{devlin2018bert,
  title={Bert: Pre-training of deep bidirectional transformers for language understanding},
  author={Devlin, Jacob and Chang, Ming-Wei and Lee, Kenton and Toutanova, Kristina},
  journal={arXiv preprint arXiv:1810.04805},
  year={2018}
}

@article{peters2018elmo,
  title={Deep contextualized word representations},
  author={Peters, Matthew E and Neumann, Mark and Iyyer, Mohit and Gardner, Matt and Clark, Christopher and Lee, Kenton and Zettlemoyer, Luke},
  journal={arXiv preprint arXiv:1802.05365},
  year={2018}
}

@article{radford2019gpt2,
  title={Language models are unsupervised multitask learners},
  author={Radford, Alec and Wu, Jeffrey and Child, Rewon and Luan, David and Amodei, Dario and Sutskever, Ilya and others},
  journal={OpenAI blog},
  volume={1},
  number={8},
  pages={9},
  year={2019}
}


@article{blei2003LDA,
  title={Latent dirichlet allocation},
  author={Blei, David M and Ng, Andrew Y and Jordan, Michael I},
  journal={the Journal of machine Learning research},
  volume={3},
  pages={993--1022},
  year={2003},
  publisher={JMLR. org}
}


@article{chen2019NMF,
  title={Experimental explorations on short text topic mining between LDA and NMF based Schemes},
  author={Chen, Yong and Zhang, Hui and Liu, Rui and Ye, Zhiwen and Lin, Jianying},
  journal={Knowledge-Based Systems},
  volume={163},
  pages={1--13},
  year={2019},
  publisher={Elsevier}
}


@incollection{neogi2020LSA,
  title={Topic modeling for text classification},
  author={Neogi, Pinaki Prasad Guha and Das, Amit Kumar and Goswami, Saptarsi and Mustafi, Joy},
  booktitle={Emerging technology in modelling and graphics},
  pages={395--407},
  year={2020},
  publisher={Springer}
}
