@article{tukey1962future,
  title={The future of data analysis},
  author={Tukey, John W},
  journal={The annals of mathematical statistics},
  volume={33},
  number={1},
  pages={1--67},
  year={1962},
  publisher={JSTOR}
}

@article{donoho201750years,
  title={50 years of data science},
  author={Donoho, David},
  journal={Journal of Computational and Graphical Statistics},
  volume={26},
  number={4},
  pages={745--766},
  year={2017},
  publisher={Taylor \& Francis}
}

@article{zhang2021data,
  title={What is Data Science? An Operational Definition based on Text Mining of Data Science Curricula},
  author={Zhang, Zhiyong and Zhang, Danyang},
  journal={Journal of Behavioral Data Science},
  volume={1},
  number={1},
  pages={1--16},
  year={2021}
}

@misc{davenport2012sexiest,
  title = {Data Scientist: The Sexiest Job of the 21st Century},
  url = {https://hbr.org/2012/10/data-scientist-the-sexiest-job-of-the-21st-century},
  urldate = {2021-12-05},
  journal = {Harvard Business Review},
  author = {Davenport, Thomas and Patil, D. J.},
  month = oct,
  year = {2012},
}

@book{huber2012data,
  title={Data analysis: What can be learned from the past 50 years},
  author={Huber, Peter J},
  volume={874},
  year={2012},
  publisher={John Wiley \& Sons}
}

@article{chambers1993greater,
  title={Greater or lesser statistics: a choice for future research},
  author={Chambers, John M},
  journal={Statistics and Computing},
  volume={3},
  number={4},
  pages={182--184},
  year={1993}
}

@article{cleveland2001data,
  title={Data science: an action plan for expanding the technical areas of the field of statistics},
  author={Cleveland, William S},
  journal={International statistical review},
  volume={69},
  number={1},
  pages={21--26},
  year={2001},
  publisher={Wiley Online Library}
}

@misc{ASA2015statement,
  title = {ASA   statement   on   the role   of   statistics   in   data   science},
  url = {https://magazine.amstat.org/blog/2015/10/01/asa-statement-on-the-role-of-statistics-in-data-science/},
  urldate = {2021-12-05},
  journal = {AMSTAT   News},
  author = {van Dyk, David and Fuentes, Montse and Jordan, Michael I. and Newton, Michael and Ray, Bonny K. and Lang, Duncan Temple and Wickham, Hadley},
  month = oct,
  year = {2015},
}

@article{wolpert1997nofreelunch,
  title={No free lunch theorems for optimization},
  author={Wolpert, David H and Macready, William G},
  journal={IEEE transactions on evolutionary computation},
  volume={1},
  number={1},
  pages={67--82},
  year={1997},
  publisher={IEEE}
}